<?xml version="1.0" encoding="UTF-8"?><collection xmlns="http://www.loc.gov/MARC21/slim"><record><leader>00544nam--2200169-i-4500</leader><controlfield tag="001">000021352</controlfield><controlfield tag="002">20161230</controlfield><controlfield tag="005">20170127195003</controlfield><controlfield tag="008">060222s1000------------r-----000-0-eng-d</controlfield><datafield ind1=" " ind2=" " tag="080"><subfield code="a">621.316.016.35</subfield></datafield><datafield ind1=" " ind2=" " tag="100"><subfield code="a">Jdanov, P. S</subfield></datafield><datafield ind1=" " ind2=" " tag="245"><subfield code="a">Stabilitatea sistemelor electrice. Traducere din l.rusa. Numai pt.uz intern si documentare</subfield></datafield><datafield ind1=" " ind2=" " tag="260"><subfield code="a">[Bucuresti]</subfield><subfield code="b">Edit.Energ.De Stat</subfield><subfield code="c">1952</subfield></datafield><datafield ind1=" " ind2=" " tag="300"><subfield code="a">340 p.Cu Ilust.+ 1 Tabl</subfield></datafield><datafield ind1=" " ind2=" " tag="490"><subfield code="a">Ministerul Energiei Electrice Si Industriei Electrotehnice</subfield></datafield><datafield ind1=" " ind2=" " tag="852"><subfield code="a">1147</subfield></datafield><datafield ind1=" " ind2=" " tag="CAT"><subfield code="a">SYS</subfield><subfield code="c">20170127</subfield><subfield code="h">195003</subfield></datafield></record></collection>